@inproceedings{saito2003peer,
  title={Peer-to-peer money: Free currency over the Internet},
  author={Saito, Kenji},
  booktitle={Web and Communication Technologies and Internet-Related Social Issuesâ€”HSI 2003: Second International Conference on Human. Society@ Internet Seoul, Korea, June 18--20, 2003 Proceedings 2},
  pages={404--414},
  year={2003},
  organization={Springer}
}

@article{kiyotaki1989money,
  title={On money as a medium of exchange},
  author={Kiyotaki, Nobuhiro and Wright, Randall},
  journal={Journal of political Economy},
  volume={97},
  number={4},
  pages={927--954},
  year={1989},
  publisher={The University of Chicago Press}
}

@inproceedings{chakravarty2020extended,
  title={The extended UTXO model},
  author={Chakravarty, Manuel MT and Chapman, James and MacKenzie, Kenneth and Melkonian, Orestis and Peyton Jones, Michael and Wadler, Philip},
  booktitle={Financial Cryptography and Data Security: FC 2020 International Workshops, AsiaUSEC, CoDeFi, VOTING, and WTSC, Kota Kinabalu, Malaysia, February 14, 2020, Revised Selected Papers 24},
  pages={525--539},
  year={2020},
  organization={Springer}
}

@misc{kya,
  title = {Know Your Assumptions},
  howpublished = {\url{https://www.ergoforum.org/t/know-your-assumptions/4198}},
  note = {Accessed: 2023-01-30}
}

@article{machlup1970euro,
  title={Euro-dollar creation: A mystery story},
  author={Machlup, Fritz},
  journal={PSL Quarterly Review},
  volume={23},
  number={94},
  year={1970}
}

@article{nakamoto2008peer,
  title={A peer-to-peer electronic cash system},
  author={Nakamoto, Satoshi and Bitcoin, A},
  journal={Bitcoin.--URL: https://bitcoin.org/bitcoin.pdf},
  volume={4},
  number={2},
  year={2008}
}

@article{williams1996new,
  title={The new barter economy: an appraisal of Local Exchange and Trading Systems (LETS)},
  author={Williams, Colin C},
  journal={Journal of Public Policy},
  volume={16},
  number={1},
  pages={85--101},
  year={1996},
  publisher={Cambridge University Press}
}

@article{unterguggenbercer1934end,
  title={THE END RESULTS OF THE WOERGL EXPERIMENT.},
  author={Unterguggenbercer, Michael},
  journal={Annals of Public and Cooperative Economics},
  volume={10},
  number={1},
  pages={60--63},
  year={1934},
  publisher={Wiley Online Library}
}

@misc{impl,
  title = {ChainCash implementation},
  howpublished = {\url{https://github.com/kushti/chaincash/tree/master/contracts}},
  note = {Accessed: 2023-02-22}
}

@misc{contracts,
  title = {ChainCash contracts},
  howpublished = {\url{https://github.com/ChainCashLabs/chaincash/tree/master/contracts/onchain}},
  note = {Accessed: 2023-11-11}
}

@misc{server,
  title = {ChainCash server},
  howpublished = {\url{https://github.com/ChainCashLabs/chaincash-rs}},
  note = {Accessed: 2023-11-11}
}

@misc{autolykos,
  title = {Autolykos: The Ergo Platform PoW Scheme},
  howpublished = {\url{https://www.docdroid.net/mcoitvK/ergopow-pdf}},
  note = {Accessed: 2025-03-25}
}

@article{chepurnoy2018edrax,
  title={Edrax: A cryptocurrency with stateless transaction validation},
  author={Chepurnoy, Alexander and Papamanthou, Charalampos and Srinivasan, Shravan and Zhang, Yupeng},
  journal={Cryptology ePrint Archive},
  year={2018}
}

@inproceedings{reyzin2017improving,
  title={Improving authenticated dynamic dictionaries, with applications to cryptocurrencies},
  author={Reyzin, Leonid and Meshkov, Dmitry and Chepurnoy, Alexander and Ivanov, Sasha},
  booktitle={Financial Cryptography and Data Security: 21st International Conference, FC 2017, Sliema, Malta, April 3-7, 2017, Revised Selected Papers 21},
  pages={376--392},
  year={2017},
  organization={Springer}
}

@inproceedings{kiayias2021mining,
  title={Mining in logarithmic space},
  author={Kiayias, Aggelos and Leonardos, Nikos and Zindros, Dionysis},
  booktitle={Proceedings of the 2021 ACM SIGSAC Conference on Computer and Communications Security},
  pages={3487--3501},
  year={2021}
}

@article{zahnentferner2021djed,
  title={Djed: A formally verified crypto-backed pegged algorithmic stablecoin},
  author={Zahnentferner, Joachim and Kaidalov, Dmytro and Etienne, Jean-Fr{\'e}d{\'e}ric and D{\'\i}az, Javier},
  journal={Cryptology ePrint Archive},
  year={2021}
}

@inproceedings{chepurnoy2020zerojoin,
  title={Zerojoin: Combining zerocoin and coinjoin},
  author={Chepurnoy, Alexander and Saxena, Amitabh},
  booktitle={International Workshop on Data Privacy Management},
  pages={421--436},
  year={2020},
  organization={Springer}
}

@misc{huawei,
  title = {Huawei sells beef: RWA tokenization leads to a revolutionary new international trade order},
  howpublished = {\url{https://www.binance.com/en/square/post/14314926783953}},
  note = {Accessed: 2025-03-25}
}

@misc{inputblocks,
  title = {Input-Blocks for Faster Transactions Propagation and Confirmation},
  howpublished = {\url{https://github.com/ergoplatform/ergo/blob/32a3088647b0a80300a1099f5cbdb414d3bd7b23/papers/inputblocks/inputblocks.md}},
  note = {Accessed: 2025-03-25}
}

@misc{phygital,
  title = {Physical or digital gold: simple insurance on Ergo},
  howpublished = {\url{https://www.ergoforum.org/t/physical-or-digital-gold-simple-insurance-on-ergo/4715}},
  note = {Accessed: 2025-03-25}
}

@misc{sidechains,
  title = {Ergo Sidechains and Trustless Bitcoin Relay Implementations},
  howpublished = {\url{https://github.com/ross-weir/ergohack-sidechain}},
  note = {Accessed: 2025-03-25}
}

@misc{sigmachains,
  title = {Sigma Chains | Revitalizing Proof of Work},
  howpublished = {\url{https://www.youtube.com/watch?v=Jj_Hg222s9Y}},
  note = {Accessed: 2025-03-25}
}

@misc{prism,
  title = {Prism: Scaling Bitcoin by 10,000x},
  howpublished = {\url{https://www.youtube.com/watch?v=gTJyDtuWvUQ}},
  note = {Accessed: 2025-03-25}
}


@misc{chaincash,
  title = {Money Creation With Elastic Supply Via Trust And Blockchain Assets In Global Digital Peer-to-Peer Environment},
  howpublished = {\url{https://github.com/ChainCashLabs/chaincash/blob/master/docs/conf/conf.pdf}},
  note = {Accessed: 2025-03-25}
}

@techreport{chepurnoy2019contractual,
  title={On Contractual Money},
  author={Chepurnoy, Alexander and Saxena, Amitabh},
  year={2019},
  institution={EasyChair}
}

@article{bottazzi2024multilateral,
  title={Multilateral Trade Credit Set-off in MPC via Graph Anonymization and Network Simplex},
  author={Bottazzi, Enrico and Ngo, Chan Nam and Tsutsumi, Masato},
  journal={Cryptology ePrint Archive},
  year={2024}
}

@article{mcquaid2004review,
  title={A Review of Local Exchange and Trading Schemes (LETS) and Time Banks in Scotland},
  author={McQuaid, Ronald and Bond, Sue and Christy, Beverley},
  year={2004},
  publisher={Employment Research Institute}
}


@article{saito2005wot,
  title={WOT for WAT: Spinning the web of trust for peer-to-peer barter relationships},
  author={Saito, Kenji},
  journal={IEICE transactions on communications},
  volume={88},
  number={4},
  pages={1503--1510},
  year={2005},
  publisher={The Institute of Electronics, Information and Communication Engineers}
}

@inproceedings{saito2005multiplication,
  title={Multiplication over time to facilitate peer-to-peer barter relationships},
  booktitle={16th International Workshop on Database and Expert Systems Applications (DEXA'05)},
  pages={785--789},
  year={2005},
  organization={IEEE}
}

@article{saito2006reduction,
  title={Reduction over time to facilitate peer-to-peer barter relationships},
  author={Saito, Kenji and Morino, Eiichi and Murai, Jun},
  journal={IEICE TRANSACTIONS on Information and Systems},
  volume={89},
  number={1},
  pages={181--188},
  year={2006},
  publisher={The Institute of Electronics, Information and Communication Engineers}
}

@incollection{woltzenlogel2023stablecoin,
  title={Stablecoin},
  author={Woltzenlogel Paleo, Bruno},
  booktitle={Encyclopedia of Cryptography, Security and Privacy},
  pages={1--5},
  year={2023},
  publisher={Springer}
}

